@article{CGMS,
  title={Upper bounds for multicolour Ramsey numbers},
  author={Balister, Paul and Bollobás, Béla and Morris, Robert and Sahasrabudhe, Julian and Tiba, Marius},
  journal={arXiv preprint arXiv:2410.17197},
  year={2024},
  url={https://arxiv.org/abs/2410.17197}
}

@article{Ramsey30,
  title={On a problem of formal logic},
  author={Ramsey, Frank P.},
  journal={Proceedings of the London Mathematical Society},
  volume={30},
  number={4},
  pages={264--286},
  year={1930}
}

@article{ESz35,
  title={A combinatorial problem in geometry},
  author={Erdős, Paul and Szekeres, George},
  journal={Compositio Mathematica},
  volume={2},
  pages={463--470},
  year={1935}
}